<record><leader>00000cas a22000007a 4500</leader><controlfield tag="001">9321783</controlfield><controlfield tag="008">830318d18731878couwr ne      0    0eng  </controlfield><controlfield tag="009">466</controlfield><datafield ind1=" " ind2=" " tag="010"><subfield code="a">sn 82016431 </subfield></datafield><datafield ind1=" " ind2=" " tag="040"><subfield code="a">DLC</subfield><subfield code="b">eng</subfield><subfield code="c">DLC</subfield><subfield code="d">NPX</subfield><subfield code="d">NPU</subfield><subfield code="d">DLC</subfield><subfield code="d">CNQ</subfield><subfield code="d">CNK</subfield><subfield code="d">CNW</subfield><subfield code="d">DLC</subfield><subfield code="d">OCLCF</subfield></datafield><datafield ind1="1" ind2=" " tag="029"><subfield code="a">AU@</subfield><subfield code="b">000020394437</subfield></datafield><datafield ind1=" " ind2=" " tag="042"><subfield code="a">msc</subfield></datafield><datafield ind1=" " ind2=" " tag="043"><subfield code="a">n-us-co</subfield></datafield><datafield ind1="0" ind2="0" tag="050"><subfield code="a">Newspaper</subfield></datafield><datafield ind1="0" ind2="4" tag="245"><subfield code="a">The Colorado Springs gazette and El Paso County news.</subfield></datafield><datafield ind1="3" ind2="0" tag="246"><subfield code="a">Gazette and El Paso County news</subfield></datafield><datafield ind1="3" ind2="0" tag="246"><subfield code="a">El Paso County news</subfield></datafield><datafield ind1="1" ind2="7" tag="246"><subfield code="a">Colorado Springs gazette</subfield><subfield code="f">Aug. 16, 1873-Apr. 27, 1878</subfield></datafield><datafield ind1=" " ind2=" " tag="260"><subfield code="a">Colorado Springs [Colo.] :</subfield><subfield code="b">"Out West" Print. &amp; Pub. Co.,</subfield><subfield code="c">1873-1878.</subfield></datafield><datafield ind1=" " ind2=" " tag="300"><subfield code="a">v.</subfield></datafield><datafield ind1=" " ind2=" " tag="310"><subfield code="a">Weekly</subfield></datafield><datafield ind1="0" ind2=" " tag="362"><subfield code="a">Vol. 1, no. 1 (Jan. 4, 1873)-v. 6, no. 17 (Apr. 27, 1878).</subfield></datafield><datafield ind1=" " ind2=" " tag="500"><subfield code="a">Issue for Apr. 27, 1878 is mutilated.</subfield></datafield><datafield ind1=" " ind2=" " tag="500"><subfield code="a">Issues for May 5 and June 30, 1877 are special supplemental issues devoted to San Juan and called: San Juan ed.</subfield></datafield><datafield ind1=" " ind2=" " tag="530"><subfield code="a">Available on microfilm from the Colorado State Historical Society.</subfield></datafield><datafield ind1=" " ind2="0" tag="651"><subfield code="a">Colorado Springs (Colo.)</subfield><subfield code="v">Newspapers.</subfield></datafield><datafield ind1=" " ind2="0" tag="651"><subfield code="a">El Paso County (Colo.)</subfield><subfield code="v">Newspapers.</subfield></datafield><datafield ind1=" " ind2="7" tag="655"><subfield code="a">Newspapers.</subfield><subfield code="2">fast</subfield><subfield code="0">(OCoLC)fst01423814</subfield></datafield><datafield ind1=" " ind2="7" tag="651"><subfield code="a">Colorado</subfield><subfield code="z">Colorado Springs.</subfield><subfield code="2">fast</subfield><subfield code="0">(OCoLC)fst01205930</subfield></datafield><datafield ind1=" " ind2="7" tag="651"><subfield code="a">Colorado</subfield><subfield code="z">El Paso County.</subfield><subfield code="2">fast</subfield><subfield code="0">(OCoLC)fst01212952</subfield></datafield><datafield ind1=" " ind2=" " tag="752"><subfield code="a">United States</subfield><subfield code="b">Colorado</subfield><subfield code="c">El Paso</subfield><subfield code="d">Colorado Springs.</subfield></datafield><datafield ind1="0" ind2="0" tag="780"><subfield code="t">Out West (Colorado Springs, Colo. : 1872)</subfield><subfield code="w">(DLC)sn 89048267</subfield><subfield code="w">(OCoLC)12351802</subfield></datafield><datafield ind1="0" ind2="0" tag="785"><subfield code="t">Weekly gazette (Colorado Springs, Colo. : 1878)</subfield><subfield code="w">(DLC)sn 82014863</subfield><subfield code="w">(OCoLC)8793420</subfield></datafield></record>